<record><leader>00000cas a22000007a 4500</leader><controlfield tag="001">16912274</controlfield><controlfield tag="008">871029d18941919ohuwr ne      0    0eng d</controlfield><datafield ind1=" " ind2=" " tag="010"><subfield code="a">sn 87076800 </subfield></datafield><datafield ind1=" " ind2=" " tag="040"><subfield code="a">ONP</subfield><subfield code="b">eng</subfield><subfield code="c">ONP</subfield><subfield code="d">OCLCQ</subfield></datafield><datafield ind1=" " ind2=" " tag="042"><subfield code="a">msc</subfield></datafield><datafield ind1="0" ind2=" " tag="130"><subfield code="a">Seneca advertiser (Tiffin, Ohio : 1894)</subfield></datafield><datafield ind1="1" ind2="0" tag="245"><subfield code="a">Seneca advertiser.</subfield></datafield><datafield ind1=" " ind2=" " tag="260"><subfield code="a">Tiffin, Ohio :</subfield><subfield code="b">Myers Bros.,</subfield><subfield code="c">1894-1919.</subfield></datafield><datafield ind1=" " ind2=" " tag="310"><subfield code="a">Weekly,</subfield><subfield code="b">Jan. 3, 1901-Dec. 25, 1919</subfield></datafield><datafield ind1=" " ind2=" " tag="321"><subfield code="a">Semiweekly,</subfield><subfield code="b">Apr. 17, 1894-Dec. 28, 1900</subfield></datafield><datafield ind1="0" ind2=" " tag="362"><subfield code="a">53rd year, no. 1 (Apr. 17, 1894)-76th year, no. 52 (Dec. 25, 1919).</subfield></datafield><datafield ind1=" " ind2=" " tag="752"><subfield code="a">United States</subfield><subfield code="b">Ohio</subfield><subfield code="c">Seneca</subfield><subfield code="d">Tiffin.</subfield></datafield><datafield ind1="0" ind2=" " tag="775"><subfield code="t">Daily advertiser (Tiffin, Ohio)</subfield><subfield code="w">(DLC)sn 85038264</subfield></datafield><datafield ind1="0" ind2="0" tag="780"><subfield code="t">Semi-weekly Seneca advertiser</subfield><subfield code="w">(DLC)sn 85038267</subfield></datafield></record>